Balcão	Produto da conta	Moeda	Nª Conta		
LISBOA-RUA DO OURO	CONTA ORDENADO	EUR	000.10.558863-6		
Nome 1º Titular	Movimentos	Data/hora Consulta			
ANA CAROLINA SILVA ANTUNES VICENTE	De 2021-05-28 a 2021-07-14	2021-07-14 15:53			
Saldo Contabilístico	Saldo Descob. Autorizado	Saldo Indisponível	Saldo Cativo		
203,56	500,00	0,00	0,00		
Saldo Autorizado	Saldo Disponível				
703,56	203,56				
DATA MOV.	DATA VALOR	DESCRIÇÃO	IMPORTÂNCIA	SALDO CONTABILÍSTICO	
2021-05-28	2021-05-28	TRF.DE OENO-VATION LDA	1.274,48	1.211,40	
2021-05-28	2021-05-28	TR-INST SEGURANCA SOCIAL IP CE	1.642,69	2.854,09	
2021-05-28	2021-05-29	PAG.SERV. 21569 647968411	-20,57	2.833,52	
2021-05-29	2021-05-29	LEV.ATM    1792	-10,00	2.823,52	
2021-05-29	2021-05-29	COMPRA   AUCHAN SETUBAL	-0,75	2.822,77	
2021-05-29	2021-05-29	COMPRA   CASA DOS CARACOIS	-11,00	2.811,77	
2021-05-31	2021-05-31	TRF.CRED   ANA MARIA VICENTE	25,75	2.837,52	
2021-05-31	2021-05-31	TRF.CRED  JOAO EDUARDO VICENTE	100,00	2.937,52	
2021-05-31	2021-05-31	PAG. NET24 DUC 171121411294360	-25,75	2.911,77	
2021-06-01	2021-06-01	SP-20013973187 WIZINK BANK	-725,44	2.186,33	
2021-06-01	2021-06-01	SP-75346265490 CETELEM	-77,08	2.109,25	
2021-06-01	2021-06-01	SP-75426961827 CETELEM	-42,76	2.066,49	
2021-06-01	2021-06-01	SP-50093932393 VICTORIA SEGURO	-12,35	2.054,14	
2021-06-01	2021-06-01	COBR.EMPRÉST.  043 47 000008 4	-0,12	2.054,02	
2021-06-01	2021-06-01	TRF.CRED   ANA MARIA VICENTE	11,80	2.065,82	
2021-06-01	2021-06-01	TRANSF.P/D.P.  732-15.605531-9	-1.750,00	315,82	
2021-06-01	2021-06-01	MGAM QUOTAS               QA	-2,00	313,82	
2021-06-01	2021-06-01	MGAM QUOTAS               MP55	-10,00	303,82	
2021-06-02	2021-06-02	PAG.NET24 WTF        939019093	-11,80	292,02	
2021-06-02	2021-06-02	TRF.CRED  RICARDO SACRAMENTO	400,00	692,02	
2021-06-02	2021-06-02	TRANSF.P/D.P.  732-15.605531-9	-400,00	292,02	
2021-06-02	2021-06-02	TRF.CRED  RICARDO SACRAMENTO	500,00	792,02	
2021-06-02	2021-06-02	TRANSF.P/D.P.  732-15.605531-9	-500,00	292,02	
2021-06-03	2021-06-03	COMPRA   CASA DOS CARACOIS	-13,00	279,02	
2021-06-06	2021-06-06	COMPRA   FARMACIA LUISA TODI	-4,78	274,24	
2021-06-06	2021-06-06	PAG.SERV. 11712 623948197	-55,30	218,94	
2021-06-06	2021-06-06	TRF.CRED   ANA MARIA VICENTE	55,30	274,24	
2021-06-08	2021-06-05	COMPRA   Restaurante O Galeao	-60,10	214,14	
2021-06-08	2021-06-08	COMPRA   LEFTIES	-6,98	207,16	
2021-06-09	2021-06-09	TRF.     0000351 00965194263	-28,00	179,16	
2021-06-12	2021-06-12	TRF.CRED ANA RAQUEL FIALHO	14,02	193,18	
2021-06-12	2021-06-12	COMPRA   A.S. MONTEMOR NORTE	-41,65	151,53	
2021-06-13	2021-06-13	COMPRA   FISH PLANET LDA	-48,48	103,05	
2021-06-14	2021-06-14	TRF.CRED   ANA MARIA VICENTE	33,00	136,05	
2021-06-14	2021-06-14	COMPRA   CONTINENTE BOM DIA	-20,90	115,15	
2021-06-14	2021-06-14	PAG.SERV. 21159 308145783	-33,99	81,16	
2021-06-15	2021-06-15	RENDIM. FUNDO VIP	5,20	86,36	
2021-06-15	2021-06-15	RET.IMP.S/REND.PREDIAIS-IRS	-1,46	84,90	
2021-06-15	2021-06-15	RENDIM. FUNDO VIP	4,40	89,30	
2021-06-15	2021-06-15	RET.IMP.S/REND.PREDIAIS-IRS	-1,23	88,07	
2021-06-16	2021-06-16	TRF.     0000351 00919817012	-35,00	53,07	
2021-06-17	2021-06-17	TRF.     0000351 00965194263	-28,00	25,07	
2021-06-18	2021-06-18	COMPRA   EQUIVALENZA ALEGRO	-20,00	5,07	
2021-06-18	2021-06-18	COMPRA   AUCHAN SETUBAL	-71,98	-66,91	
2021-06-19	2021-06-19	COMPRA   NICA COFFEE	-7,70	-74,61	
2021-06-22	2021-06-22	COMPRA   VITORINO DUARTE LDA	-80,00	-154,61	
2021-06-23	2021-06-23	COMPRA   CTT - CORREIOS	-6,95	-161,56	
2021-06-25	2021-06-23	COMPRA   Farmacia Louro	-10,28	-171,84	
2021-06-25	2021-06-25	TRF.     0000351 00965194263	-28,00	-199,84	
2021-06-25	2021-06-25	COMPRA   CTT - CORREIOS	-6,95	-206,79	
2021-06-25	2021-06-25	COMPRA   AUCHAN SETUBAL	-56,39	-263,18	
2021-06-25	2021-06-25	TRF.     0000351 00936304386	-105,00	-368,18	
2021-06-26	2021-06-26	COMPRA   GALP P1273 QTA ANJO	-40,00	-408,18	
2021-06-26	2021-06-26	TRF.     0000351 00917009674	-7,32	-415,50	
2021-06-27	2021-06-27	COMPRA   FARMACIA LUISA TODI	-4,36	-419,86	
2021-06-27	2021-06-27	COMPRA   CONTINENTE BOM DIA	-5,55	-425,41	
2021-06-28	2021-06-28	TR-INST SEGURANCA SOCIAL IP CE	1.589,70	1.164,29	
2021-06-28	2021-06-28	TRF.DE OENO-VATION LDA	1.274,48	2.438,77	
2021-07-01	2021-07-01	SP-75346265490 CETELEM	-77,08	2.361,69	
2021-07-01	2021-07-01	SP-75426961827 CETELEM	-42,67	2.319,02	
2021-07-01	2021-07-01	SP-20013973187 WIZINK BANK	-355,28	1.963,74	
2021-07-01	2021-07-01	SP-50093932393 VICTORIA SEGURO	-12,35	1.951,39	
2021-07-01	2021-07-01	COBR.EMPRÉST.  043 47 000008 4	-0,63	1.950,76	
2021-07-01	2021-07-01	TRANSF.P/D.P.  732-15.644488-5	-600,00	1.350,76	
2021-07-01	2021-07-01	TRF.     0000351 00918726408	-35,00	1.315,76	
2021-07-01	2021-07-01	TRANSF.P/D.P.  732-15.605531-9	-1.000,00	315,76	
2021-07-01	2021-07-01	TRF.CRED  RICARDO SACRAMENTO	300,00	615,76	
2021-07-01	2021-07-01	MGAM QUOTAS               QA	-2,00	613,76	
2021-07-01	2021-07-01	MGAM QUOTAS               MP55	-10,00	603,76	
2021-07-01	2021-07-01	TRANSF.P/D.P.  732-15.605531-9	-150,00	453,76	
2021-07-01	2021-07-01	PAG.SERV. 21569 650215912	-25,64	428,12	
2021-07-01	2021-07-01	PAG. NET24 DUC 171421417574542	-25,87	402,25	
2021-07-01	2021-07-01	PAG. NET24 DUC 171421417576324	-29,17	373,08	
2021-07-02	2021-07-02	TRF.DE D.PRAZO 732-15.644488-5	100,00	473,08	
2021-07-02	2021-07-02	TRANSF.P/D.P.  732-15.605531-9	-100,00	373,08	
2021-07-02	2021-07-02	COMPRA   CONTINENTE BOM DIA	-17,80	355,28	
2021-07-04	2021-07-04	TRF.     0000351 00916371643	-15,00	340,28	
2021-07-05	2021-07-05	COMPRA   CONTINENTE	-77,84	262,44	
2021-07-06	2021-07-06	PAG.SERV. 21569 648503714	-19,94	242,50	
2021-07-07	2021-07-07	TRF.CRED DIOGO R R GONCALVES	7,10	249,60	
2021-07-08	2021-07-08	COMPRA   FARMACIA PICOITO LDA	-21,75	227,85	
2021-07-11	2021-07-11	COMPRA   BURGER KING SETUBAL	-24,29	203,56	
					
